%%% ====================================================================
%%%  BibTeX-file{
%%%     author          = "Gerry Murray",
%%%     version         = "1.2",
%%%     date            = "2 April 2012",
%%%     filename        = "acmsmall-sample-bibfile.bib",
%%%     address         = "ACM, NY",
%%%     email           = "murray at hq.acm.org",
%%%     codetable       = "ISO/ASCII",
%%%     keywords        = "ACM Reference Format, bibliography, citation, references",
%%%     supported       = "yes",
%%%     docstring       = "This BibTeX database file contains 'bibdata' entries
%%%                        that 'match' the examples provided in the Specifications Document
%%%                        AND, also, 'legacy'-type bibs. It should assist authors in 
%%%                        choosing the 'correct' at-bibtype and necessary bib-fields
%%%                        so as to obtain the appropriate ACM Reference Format output. 
%%%			   It also contains many 'Standard Abbreviations'. "
%%%  }
%%% ====================================================================

% Journals

% First the Full Name is given, then the abbreviation used in the AMS Math
% Reviews, with an indication if it could not be found there.
% Note the 2nd overwrites the 1st, so swap them if you want the full name.

 %{AMS}
 @String{AMSTrans = "American Mathematical Society Translations" }
 
 %ACM
 @String{CACM = "Communications of the {ACM}" }
 
 %IEEE
 @String{Computer = "{IEEE} Computer" }
 
@inproceedings{DBLP:conf/conext/ValanciusLMDR09,
  author    = {Vytautas Valancius and
               Nikolaos Laoutaris and
               Laurent Massouli{\'{e}} and
               Christophe Diot and
               Pablo Rodriguez},
  title     = {Greening the internet with nano data centers},
  booktitle = {CoNEXT},
  pages     = {37--48},
  publisher = {{ACM}},
  year      = {2009}
}

@article{DBLP:journals/sigmetrics/JalaliAVHAT14,
  author    = {Fatemeh Jalali and
               Robert Ayre and
               Arun Vishwanath and
               Kerry Hinton and
               Tansu Alpcan and
               Rodney S. Tucker},
  title     = {Energy Consumption of Content Distribution from Nano Data Centers
               versus Centralized Data Centers},
  journal   = {{SIGMETRICS} Performance Evaluation Review},
  volume    = {42},
  number    = {3},
  pages     = {49--54},
  year      = {2014}
}

