%%% ====================================================================
%%%  BibTeX-file{
%%%     author          = "Gerry Murray",
%%%     version         = "1.2",
%%%     date            = "2 April 2012",
%%%     filename        = "acmsmall-sample-bibfile.bib",
%%%     address         = "ACM, NY",
%%%     email           = "murray at hq.acm.org",
%%%     codetable       = "ISO/ASCII",
%%%     keywords        = "ACM Reference Format, bibliography, citation, references",
%%%     supported       = "yes",
%%%     docstring       = "This BibTeX database file contains 'bibdata' entries
%%%                        that 'match' the examples provided in the Specifications Document
%%%                        AND, also, 'legacy'-type bibs. It should assist authors in 
%%%                        choosing the 'correct' at-bibtype and necessary bib-fields
%%%                        so as to obtain the appropriate ACM Reference Format output. 
%%%			   It also contains many 'Standard Abbreviations'. "
%%%  }
%%% ====================================================================

% Journals

% First the Full Name is given, then the abbreviation used in the AMS Math
% Reviews, with an indication if it could not be found there.
% Note the 2nd overwrites the 1st, so swap them if you want the full name.

 %{AMS}
 @String{AMSTrans = "American Mathematical Society Translations" }
 
 %ACM
 @String{CACM = "Communications of the {ACM}" }
 
 %IEEE
 @String{Computer = "{IEEE} Computer" }
 
@inproceedings{DBLP:conf/conext/ValanciusLMDR09,
  author    = {Vytautas Valancius and
               Nikolaos Laoutaris and
               Laurent Massouli{\'{e}} and
               Christophe Diot and
               Pablo Rodriguez},
  title     = {Greening the internet with nano data centers},
  booktitle = {CoNEXT},
  pages     = {37--48},
  publisher = {{ACM}},
  year      = {2009}
}

@article{DBLP:journals/sigmetrics/JalaliAVHAT14,
  author    = {Fatemeh Jalali and
               Robert Ayre and
               Arun Vishwanath and
               Kerry Hinton and
               Tansu Alpcan and
               Rodney S. Tucker},
  title     = {Energy Consumption of Content Distribution from Nano Data Centers
               versus Centralized Data Centers},
  journal   = {{SIGMETRICS} Performance Evaluation Review},
  volume    = {42},
  pages     = {49--54},
  year      = {2014}
}

@article{Laoutaris:2008:EEC:1341431.1341442,
 author = {Laoutaris, Nikolaos and Rodriguez, Pablo and Massoulie, Laurent},
 title = {ECHOS: Edge Capacity Hosting Overlays of Nano Data Centers},
 journal = {SIGCOMM Comput. Commun. Rev.},
 issue_date = {January 2008},
 volume = {38},
 month = jan,
 year = {2008},
 issn = {0146-4833},
 pages = {51--54},
 numpages = {4},
 url = {http://doi.acm.org/10.1145/1341431.1341442},
 doi = {10.1145/1341431.1341442},
 acmid = {1341442},
 publisher = {ACM},
 address = {New York, NY, USA},
 keywords = {data center, peer-to-peer, set-top-box}
} 

@inproceedings{Dumitriu:2005:DoS,
 author = {D. Dumitriu and E. Knightly and A. Kuzmanovic and I. Stoica and W. Zwaenepoel},
 title = {Denial-of-Service Resilience in Peer-to-Peer File Sharing Systems},
page = {38-49},
year = {2005},
eventtitle={{SIGMETRICS '05} Proceedings of the 2005 ACM SIGMETRICS international conference on Measurement and modeling of computer systems},
venue={Banff, Alberta, Canada},
doi={10.1145/1071690.1064218},
publisher={ACM},
volume={33}
} 

@inproceedings{Mhapasekar:2011:anonymity,
title={Accomplishing anonymity in peer to peer network},
author={Darshan Mhapasekar},
page = {555-558},
year = {2011},
eventtitle={{ICCCS '11} Proceedings of the 2011 International Conference on Communication, Computing & Security},
venue={Rourkela, Odisha, India},
doi={10.1145/1947940.1948055},
publisher={ACM}
}

@article{Eum:2015:DII:2803530.2803728,
 author = {Eum, S. and Shoji, Y. and Murata, M. and Nishinaga, N.},
 title = {Design and Implementation of ICN-enabled IEEE 802.11 Access Points As Nano Data Centers},
 journal = {J. Netw. Comput. Appl.},
 issue_date = {April 2015},
 volume = {50},
 number = {C},
 month = apr,
 year = {2015},
 issn = {1084-8045},
 pages = {159--167},
 numpages = {9},
 url = {http://dx.doi.org/10.1016/j.jnca.2014.07.031},
 doi = {10.1016/j.jnca.2014.07.031},
 acmid = {2803728},
 publisher = {Academic Press Ltd.},
 address = {London, UK, UK},
 keywords = {ICN, Nano data center}
} 

@article{DBLP:journals/cn/HeCD09,
  author    = {Jiayue He and
               Augustin Chaintreau and
               Christophe Diot},
  title     = {A performance evaluation of scalable live video streaming with nano
               data centers},
  journal   = {Computer Networks},
  volume    = {53},
  number    = {2},
  pages     = {153--167},
  year      = {2009}
}

@misc{TheZetta68:online,
author = {Cisco Systems, Inc.},
title = {The Zettabyte Era: Trends and Analysis - Cisco},
url = {https://www.cisco.com/c/en/us/solutions/collateral/service-provider/visual-networking-index-vni/vni-hyperconnectivity-wp.html#_Toc484556821},
month = {07},
year = {2017},
note = {(Accessed on 11/05/2017)}
}

@Electronic{LRZGreenIT,
author = {Leibniz-Rechenzentrum},
title  = {Green IT at Leibniz Supercomputing Centre},
month  = {02},
year   = {2014},
url    = {https://www.lrz.de/wir/green-it_en/},
note   = {(Accessed on 11/19/2017)}
}