% This file was created with JabRef 2.11.1.
% Encoding: UTF8


@String { AMSTrans = {American Mathematical Society Translations} }
@String { CACM     = {Communications of the {ACM}} }
@String { Computer = {{IEEE} Computer} }

@Misc{TheZetta68:online,
    Title                    = {The Zettabyte Era: Trends and Analysis - Cisco},
    Author                   = {Cisco Systems, Inc.},
    Month                    = {07},
    Note                     = {(Accessed on 11/05/2017)},
    Year                     = {2017},
    Url                      = {https://www.cisco.com/c/en/us/solutions/collateral/service-provider/visual-networking-index-vni/vni-hyperconnectivity-wp.html#_Toc484556821}
}

@InProceedings{DBLP:conf/conext/ValanciusLMDR09,
    Title                    = {Greening the internet with nano data centers},
    Author                   = {Vytautas Valancius and
    Nikolaos Laoutaris and
    Laurent Massouli{\'{e}} and
    Christophe Diot and
    Pablo Rodriguez},
    Booktitle                = {CoNEXT},
    Year                     = {2009},
    Pages                    = {37--48},
    Publisher                = {{ACM}}
}

@InProceedings{Dumitriu:2005:DoS,
    Title                    = {Denial-of-Service Resilience in Peer-to-Peer File Sharing Systems},
    Author                   = {D. Dumitriu and E. Knightly and A. Kuzmanovic and I. Stoica and W. Zwaenepoel},
    Year                     = {2005},
    Publisher                = {ACM},
    Volume                   = {33},
    Doi                      = {10.1145/1071690.1064218},
    Eventtitle               = {{SIGMETRICS '05} Proceedings of the 2005 ACM SIGMETRICS international conference on Measurement and modeling of computer systems},
    Page                     = {38-49},
    Venue                    = {Banff, Alberta, Canada}
}

@InProceedings{Mhapasekar:2011:anonymity,
    Title                    = {Accomplishing anonymity in peer to peer network},
    Author                   = {Darshan Mhapasekar},
    Year                     = {2011},
    Publisher                = {ACM},
    Doi                      = {10.1145/1947940.1948055},
    Eventtitle               = {{ICCCS '11} Proceedings of the 2011 International Conference on Communication, Computing & Security},
    Page                     = {555-558},
    Venue                    = {Rourkela, Odisha, India}
}

@Electronic{LRZGreenIT,
    Title                    = {Green IT at Leibniz Supercomputing Centre},
    Author                   = {Leibniz-Rechenzentrum},
    Month                    = {02},
    Note                     = {(Accessed on 11/19/2017)},
    Url                      = {https://www.lrz.de/wir/green-it_en/},
    Year                     = {2014}
}

@misc{technicolor,
    Title                    = {Technicolor Research \& Innovation - Nano Data Center},
    Address                  = {1-5 rue Jeanne d’Arc,
    92130 Issy les Moulineaux – France},
    Author                   = {Technicolor},
    HowPublished             = {Online video},
    Language                 = {en},
    Month                    = {01},
    Organization             = {Technicolor},
    Url                      = {https://www.youtube.com/watch?v=uvkBUKqFbkI},
    Year                     = {2011}
}

@Article{DBLP:journals/cn/HeCD09,
    Title                    = {A performance evaluation of scalable live video streaming with nano
    data centers},
    Author                   = {Jiayue He and
    Augustin Chaintreau and
    Christophe Diot},
    Journal                  = {Computer Networks},
    Year                     = {2009},
    Number                   = {2},
    Pages                    = {153--167},
    Volume                   = {53}
}

@Article{DBLP:journals/sigmetrics/JalaliAVHAT14,
    Title                    = {Energy Consumption of Content Distribution from Nano Data Centers
    versus Centralized Data Centers},
    Author                   = {Fatemeh Jalali and
    Robert Ayre and
    Arun Vishwanath and
    Kerry Hinton and
    Tansu Alpcan and
    Rodney S. Tucker},
    Journal                  = {{SIGMETRICS} Performance Evaluation Review},
    Year                     = {2014},
    Pages                    = {49--54},
    Volume                   = {42}
}

@Article{Eum:2015:DII:2803530.2803728,
    Title                    = {Design and Implementation of ICN-enabled IEEE 802.11 Access Points As Nano Data Centers},
    Author                   = {Eum, S. and Shoji, Y. and Murata, M. and Nishinaga, N.},
    Journal                  = {J. Netw. Comput. Appl.},
    Year                     = {2015},
    Month                    = apr,
    Number                   = {C},
    Pages                    = {159--167},
    Volume                   = {50},
    Acmid                    = {2803728},
    Address                  = {London, UK, UK},
    Doi                      = {10.1016/j.jnca.2014.07.031},
    ISSN                     = {1084-8045},
    Issue_date               = {April 2015},
    Keywords                 = {ICN, Nano data center},
    Numpages                 = {9},
    Publisher                = {Academic Press Ltd.},
    Url                      = {http://dx.doi.org/10.1016/j.jnca.2014.07.031}
}

@Article{Laoutaris:2008:EEC:1341431.1341442,
    Title                    = {ECHOS: Edge Capacity Hosting Overlays of Nano Data Centers},
    Author                   = {N. Laoutaris, P. Rodriguez and L. Massoulie},
    Journal                  = {SIGCOMM Comput. Commun. Rev.},
    Year                     = {2008},
    Month                    = {01},
    Pages                    = {51--54},
    Volume                   = {38},
    Acmid                    = {1341442},
    Address                  = {New York, NY, USA},
    Doi                      = {10.1145/1341431.1341442},
    ISSN                     = {0146-4833},
    Issue_date               = {January 2008},
    Keywords                 = {data center, peer-to-peer, set-top-box},
    Publisher                = {ACM},
    Url                      = {http://doi.acm.org/10.1145/1341431.1341442}
}

@InProceedings{tradeoff,
    Title                    = {Energy Trade-offs among Content Delivery Architectures},
    Author                   = {Anja Feldmann and
    Andreas Gladisch and
    Mario Kind and
    Christoph Lange and
   Georgios Smaragdakis and
    Fritz-Joachim Westphal},
    Year                     = {2010},
    Publisher                = {IEEE},
    Doi                      = {10.1109/CTTE.2010.5557700},
    Eventtitle               = {Telecommunications Internet and Media Techno Economics (CTTE)},
}

@Article{iptv,
    Title                    = {Architectures for Energy-Efficient IPTV Networks},
    Author                   = {Jayant Baliga and Robert Ayre and Kerry Hinton and Rodney S. Tucker},
    Journal                  = {IEEE Systems Journal.},
    Year                     = {2011},
    Month                    = {09},
    Pages                    = {518--527},
    Volume                   = {5},
    Doi                      = {10.1109/JSYST.2011.2165601},
    ISSN                     = {1932-8184},
    Issue_date               = {29 September 2011},
    Publisher                = {IEEE}
}

@InProceedings{watchingTV,
    Title                    = {Watching television over an IP network},
    Author                   = {Meeyoung Cha and
    Pablo Rodriguez and
    Jon Crowcroft and
    Sue Moon and
    Xavier Amatriain},
    Year                     = {2008},
    Pages                    = {71--48},
    Publisher                = {ACM},
    Doi                      = {10.1145/1452520.1452529},
    Eventtitle               = {8th ACM SIGCOMM conference on Internet measurement},
}
